<?xml version="1.0" encoding="UTF-8"?><collection xmlns="http://www.loc.gov/MARC21/slim"><record><leader>00521nam--2200193-i-4500</leader><controlfield tag="001">000003142</controlfield><controlfield tag="002">20161230</controlfield><controlfield tag="005">20161230201025</controlfield><controlfield tag="008">060222s1000------------r-----000-0-eng-d</controlfield><datafield ind1=" " ind2=" " tag="040"><subfield code="a">IFIN-HH</subfield></datafield><datafield ind1=" " ind2=" " tag="080"><subfield code="a">539.14</subfield></datafield><datafield ind1="1" ind2=" " tag="100"><subfield code="a">Bethe, Hans A</subfield></datafield><datafield ind1="1" ind2="0" tag="245"><subfield code="a">Elementary nuclear theory</subfield><subfield code="c">Hans a. bethe, philip morrison</subfield></datafield><datafield ind1=" " ind2=" " tag="250"><subfield code="a">Second Edition</subfield></datafield><datafield ind1=" " ind2=" " tag="260"><subfield code="a">New York</subfield><subfield code="b">John Wiley &amp; Sons, Inc</subfield><subfield code="c">1956</subfield></datafield><datafield ind1=" " ind2=" " tag="300"><subfield code="a">XII + 274P.CU FIG</subfield></datafield><datafield ind1="1" ind2=" " tag="700"><subfield code="a">Morrison, Philip</subfield></datafield><datafield ind1=" " ind2=" " tag="852"><subfield code="a">12073</subfield><subfield code="c">539.14</subfield></datafield><datafield ind1=" " ind2=" " tag="CAT"><subfield code="a">Sys</subfield><subfield code="c">20120321</subfield><subfield code="h">123054</subfield></datafield></record></collection>